

@book {Springer,
    AUTHOR = {H.D.I. Abarbanel},
    TITLE = {{Predicting the Future: Completing Models of Observed Complex
        Systems}},
    PUBLISHER = {Springer},
    YEAR = {2013},
    Notes = {Series: Understanding Complex Systems}
}

@article {Tucker1999,
    AUTHOR = {Warwick Tucker},
    TITLE = {{The Lorenz Attractor Exists}},
    JOURNAL = {C. R. Acad. Sci. Paris},
    PAGES = {1197-1202},
    YEAR = {1999}
}

@article {Hayden11,
    AUTHOR = {K. Hayden and E. Olson and E.S. Titi},
    TITLE = {{Discrete Data Assimilation in the Lorenz and 2D Navier--Stokes
        Equations}},
    JOURNAL = {Physica D: Nonlinear Phenomena},
    PAGES = {1416-1425},
    YEAR = {2011}
}

@article {HaydenThesis,
    AUTHOR = {K. Hayden},
    TITLE = {{Modeling of Dynamical Systems}},
    JOURNAL = {Univ. of Nevada, Reno, Master's Thesis},
    PAGES = {55-127},
    YEAR = {2007}
}

@article {Gesho16,
	AUTHOR = {M. Gesho and E. Olson and E.S. Titi},
    TITLE = {{A Computational Study of a Data Assimilation Algorithm 
		for the Two-dimensional Navier--Stokes Equations}},
	JOURNAL = {Comm. in Comp. Physics}, 
	VOLUME = {19:4},
    PAGES = {1094-1110}, 
	YEAR = {2016}
}

@article {GeshoThesis,
	AUTHOR = {M. Gesho},
    TITLE = {{A Numerical Study of a Continuous Data Assimilation
		for the Two-dimensional Navier--Stokes Equations
		Using Nodal Points}},
	JOURNAL = {Univ. of Nevada, Reno, Master's Thesis}, 
    PAGES = {1-104}, 
	YEAR = {2013}
}

@article {Olson03,
    AUTHOR = {E. Olson and E. Titi},
    TITLE = {{Determining Modes for Continuous Data Assimilation in 2D
        Turbulence}},
    JOURNAL = {Journal of Statistical Physics},
    VOLUME = {13},
    PAGES = {799-840},
    YEAR = {2003}
}

@book {Bloemker14,
    AUTHOR = {D. Bloemker and K.J.H. Law and A.M. Stuart and K.C. Zygalakis},
    TITLE = {{Accuracy and Stability of the Continuous--Time 3DVAR Filter for the
        Navier--Stokes Equations}},
    Notes = {Nonlinearity},
    YEAR = {2014}
}

@article{Bessaih15,
    AUTHOR = {H. Bessaih, E. Olson and E. Titi.},
    TITLE = {{Continuous Data Assimilation Using Stochastically Noisy Data}},
    JOURNAL = {Nonlinearity},
    VOLUME = {28},
    PAGES = {729-753},
    YEAR = {2015}
}

@article{Olson14,
    AUTHOR = {A. Azouani and E. Olson and E.S. Titi},
    TITLE = {{Continuous Data Assimilation Using General Interpolant
        Observables}},
    JOURNAL = {Journal of Nonlinear Science},
    VOLUME = {24},
    PAGES= {277-304},
    YEAR = {2014}
}

@article{Brett13,
    AUTHOR = {C.E.A. Brett and K.F. Lam and K.J.H. Law, D.S. McCormick and M.R. Scott and A.M. Stuart},
    TITLE = {{Accuracy and Stability of Filters for Dissipative PDEs}},
    JOURNAL = {PhysicaD: Nonlinear Phenomena},
    YEAR = {2013}
}

@article{Stuart14,
    AUTHOR = {K.J.H. Law and A. Shukla and A.M. Stuart},
    TITLE = {{Analysis of the 3DVAR Filter for the Partially Observed Lorenz '63
        Model}},
    JOURNAL = {Discrete and Continuous Dynamical Systems A},
    VOLUME = {34},
    PAGES = {1061-1078},
    YEAR = {2014}
}

@article{Pecora90,
    AUTHOR = {L. Pecora and T. Carroll},
    TITLE = {{Synchronization in Chaotic Systems}},
    JOURNAL = {Physical Review Letters},
    VOLUME = {64},
	NUMBER = {8},
    PAGES = {821-824},
    YEAR = {1990}
}

@article{Lorenz63,
    AUTHOR = {E.N. Lorenz},
    TITLE = {{Deterministic Nonperiod Flow}},
    JOURNAL = {Journal of Atmospheric Sciences},
    VOLUME = {20},
    PAGES = {130-141},
    YEAR = {1963}
}

@article{Levin64,
    AUTHOR = {J.J. Levin and J.A. Nohel},
    TITLE = {{On a Nonlinear Delay Equation}},
    JOURNAL = {Journal of Mathematical Analysis and Applications},
    VOLUME = {8},
    PAGES = {31-44},
    YEAR = {1964}
}

@article{Doering95a,
    AUTHOR = {C.R. Doering and J.D. Gibbon},
    TITLE = {{On the Shape and Dimension of the Lorenz Attactor}},
    JOURNAL = {Dynam. Stability Systems},
    VOLUME = {10},
    PAGES = {255-268},
    YEAR = {1995}
}

@book{Doering95b,
    AUTHOR = {C.R. Doering and J.D. Gibbon},
    TITLE = {{Applied Analysis of the Navier--Stokes Equations}},
	PUBLISHER = {Cambridge University Press},
    PAGES = {232},
    YEAR = {1995}
}

@article{Rosenstein93,
    AUTHOR = {M.T. Rosenstein and J.J. Collins and C.J. De Luca},
    TITLE = {{A Practical Method for Calculating Largest Lyapunov Exponents from
        Small Data Sets}},
    JOURNAL = {PhysicaD: Nonlinear Phenomena},
    VOLUME = {65},
    PAGES = {117-134},
    YEAR = {1993}
}

@Inbook{Takens81,
    AUTHOR = {Takens, Floris},
    EDITOR = {Rand, David and Young, Lai-Sangr},
    CHAPTER = {{Detecting Strange Attractors in Turbulence}},
    TITLE = {{Dynamical Systems and Turbulence, Warwick 1980: Proceedings of a
        Symposium Held at the University of Warwick 1979/80}},
    YEAR = {1981},
    PUBLISHER = {Springer Berlin Heidelberg},
    ADDRESS = {Berlin, Heidelberg    },
    PAGES = {366--381}
}

@article{Sato87,
    AUTHOR = {S. Sato and M. Sano and Y. Sawada},
    TITLE =  {{Practical Methods of
              Measuring the Generalized Dimension and the Largest
              Lyapunov Exponent in High Dimensional Chaotic Systems}},
    JOURNAL = {Prog. Theor. Phys.},
    VOLUME = {77},
    YEAR = {1987},
    PAGES = {1}
}

@article{Whitney36,
    AUTHOR = {Whitney, H.},
    TITLE = {{Differentiable Manifolds}},
    JOURNAL = {Annals of Mathmatics},
    VOLUME = {37},
    PAGES = {645-680},
    YEAR = {1936}
}

@book{Schilling2012,
    AUTHOR={R. Schilling and L. Partzsch and Bj\"orn B\"ottcher},
    CHAPTER={{Simulation of Brownian Motion}}, 
    TITLE={{Brownian Motion:  An Introduction to Stochastic Processes}},
    PUBLISHER={De Gruyter},
    YEAR={2012}
}

@article{Jolly15,
    AUTHOR={Michael S., Jolly and Sadigov and Tural and Titi, Edriss S.},
    TITLE={{A Determining Form for the Damped Driven Nonlinear Schr\"odiner
        Equation:
        The Fourier Modes Case}},
    JOURNAL={Differential Equations},
    VOLUME={8},
    YEAR={2015}
}

@article{Jolly16,
    AUTHOR={M.S. Jolly and  V.R. Martinez and E.J. Olson and E.S. Titi},
    TITLE={{A Data Assimilation Algorithm with Time-averaged Measurements via
    Feedback Control for the Subcritical SQG Equations}},
    NOTE={preprint}
}


@article{Cecilia,
    AUTHOR = {{Foias}, C. and {Mondaini}, C.~F. and {Titi}, E.~S.},
    TITLE = {{A Discrete Data Assimilation Scheme for the Solutions of the 2D Navier--Stokes Equations and their Statistics}},
    JOURNAL = {ArXiv e-prints},
    archivePrefix = "arXiv",
    eprint = {1602.05995},
    primaryClass = "math.AP",
    YEAR={2016},
    MONTH = Feb,
    adsurl = {http://adsabs.harvard.edu/abs/2016arXiv160205995F}
}

@article{Marsaglia2003,
    AUTHOR={G. Marsaglia},
    TITLE={{Xorshift RNGs}}, 
    JOURNAL={J. of Stat. Software},
    VOLUME={8},
    YEAR={2003}
}
