@Inproceedings{zheng,
  author        = "Liang Zheng and Carlee Joe-Wong and Chee Wei Tan and Sangtae Ha and Mung Chiangs",
  title         = "Secondary markets for mobile data: Feasibility and benefits of traded
data plans",
  journal       = "2015 IEEE Conference on Computer Communications (INFOCOM)",
  volume        = "",
  number        = "",
  month         = "",
  year          = "2015",
  pages         = "1580--1588",
  doi           = "http://dx.doi.org/10.1109/infocom.2015.7218537",
  url           = "",
  note          = "",
}

@Article{lazar,
  author        = "A. A. Lazar and N. Semret",
  title         = "Design and Analysis of the Progressive Second Price Auctions
  for Network Bandwidth Sharing",
  journal       = "Telecommunication Systems, Special Issue on Network Economics",
  volume        = "",
  number        = "",
  month         = "",
  year          = "2000",
  pages         = "",
  doi           = "",
  url           = "",
  note          = "",
}

@Article{burst,
  author        = "Patrick Maillé and Bruno Tuffin",
  title         = "Multi-bid auctions for bandwidth allocation in
communication networks",
  journal       = "IEEE INFOCOM",
  volume        = "",
  number        = "",
  month         = "",
  year          = "2004",
  pages         = "",
  doi           = "http://dx.doi.org/10.1109/infcom.2004.1354481",
  url           = "",
  note          = "",
}

IEEE Infocom 2004.
DOI:http://dx.doi.org/10.1109/infcom.2004.1354481
@Article{qpsp,
  author =       "Clare W. Qu and Peng Jia and and Peter E. Caines",
  title =        "Analysis of a Class of Decentralized Decision Processes: Quantized
Progressive Second Price Auctions",
  journal       = "46th IEEE Conference on Decision and Control",
  volume        = "",
  number        = "",
  month         = "",
  year          = "2007",
  pages         = "",
  doi           = "http://dx.doi.org/10.1109/cdc.2007.4434926",
  url           = "",
  note          = "",
}


@Article{jia,
  author =       "Peng Jia and Peter E. Caines",
  title =        "Probabilistic analysis of the rapid convergence of a class of progressive second price auctions",
  journal       = "47th IEEE Conference on Decision and Control",
  volume        = "",
  number        = "",
  month         = "",
  year          = "2008",
  pages         = "",
  doi           = "http://dx.doi.org/10.1109/cdc.2008.4738808",
  url           = "",
  note          = "",
}

@Article{policy,
  author =       "A. Pilz",
  title =        "Policy-Maker: a toolkit for policy-based security management", 
  journal       = "IEEE/IFIP Network Operations and Management Symposium",
  volume        = "",
  number        = "",
  month         = "",
  year          = "2004",
  pages         = "",
  doi           = "http://dx.doi.org/10.1109/noms.2004.1317664",
  url           = "",
  note          = "",
}



@Phdthesis{semret,
  author =       "Nemo Semret",
  year =         "1999",
  title =        "Market Mechanisms for Network Resource Sharing",
  school =       "Columbia University",
  address =      "",
  note =         "",
  type =         "",
  month =        "",
}

@online{att,
  author =       "Anon",
  year =         "",
  title =        "AT\&T Mobile Share Flex Plans",
  url =          "https://www.att.com/plans/wireless/mobile-share-flex.html",
  month =        "",
  lastaccessed ="2018",
}


@online{cmhk,
  author =       "Anon",
  year =         "",
  title =        "China Mobile Hong Kong Company Limited",
  url =          "https://www.hk.chinamobile.com/tc/2cm_intro.html",
  month =        "",
  lastaccessed ="2018",
}


@Article{diffserve,
  author        = "Nemo Semret and R. R. F. Liao and A. T. Campbell and A. A. Lazar", 
  title         = "Pricing, provisioning and peering: dynamic markets for differentiated Internet services and
implications for network interconnections",
  journal       = "IEEE Journal on Selected Areas in Communications",
  volume        = "18",
  number        = "12",
  month         = "December",
  year          = "2000",
  pages         = "2499-2513",
  doi           = "http://dx.doi.org/10.1109/49.898733",
  url           = "",
  note          = "",
}


@Article{maille,
  author        = "Patrick Maillé",
  title         = "Market Clearing Price and Equilibria of the Progressive Second Price
Mechanism",
  journal       = "RAIRO - Operations Research",
  volume        = "41",
  number        = "4",
  month         = "",
  year          = "2007",
  pages         = "465-478",
  doi           = "http://dx.doi.org/10.1051/ro:2007030",
  url           = "",
  note          = "",
}


@article{cabill,
        title = "Communications: broadband Internet access service",
        number = "S.B. 822",
        volume =  "Reg. Sess. 2017-2018",
        year =  "2018"
}

@article{fedbill,
    title="No Rate Regulation of Broadband Internet Access Act",
    number = "H.R. 2666",
    volume = "114th Cong",
    year = "2016",
}


@Article{felix,
  author        = "Felix Brandt and Tuomas Sandholm",
  title         = "On the Existence of Unconditionally Privacy-Preserving Auction
Protocols",
  journal       = "2008 ACM Trans. Inf. Sys. Secur.",
  volume        = "11",
  number        = "2",
  month         = "January",
  year          = "2008",
  pages         = "1-21",
  doi           = "http://dx.doi.org/10.1145/1330332.1330338",
  url           = "",
  note          = "",
}


@Inproceedings{matt,
  author =      "Matthias Roggendorf and Fernando Beltr{\'a}n",
  title =        "Simulation Model for the Dynamic Allocation of Network
  Resources in Competitive Wireless Scenario",
  booktitle =    "Mobility Aware Technologies and Applications",
  series =       "",
  editor =       "Springer",
  volume =       "",
  year =         "2005",
  publisher =    "",
  address =      "Berlin Heidelberg",
  pages =        "54-64",
  doi =          "http://dx.doi.org/10.1007/11569510_6",
  url =          "",
  number =       "",
  month =        "",
  organization = "",
  note =         "",
}

@Techreport{tuffin,
  author =       "Bruno Tuffin",
  year =         "2001",
  title =        "Revisited Progressive Second Price Auction for Charging
Telecommunication Networks",
  institution =  "",
  type =         "Research Report",
  number =       "RR-4176",
  address =      "",
  month =        "",
  note =         "",
}


@book{meta,
author = "Pinheiro, Billy and Chaves, Rafael and Cerqueira, Eduardo and Abelém,
Antônio Jorge",
year = "2013",
month = "12",
pages = "836-841",
title = "CIM-SDN: A Common Information Model extension for Software-Defined
Networking",
isbn = "978-1-4799-2851-4",
booktitle = "2013 IEEE Globecom Workshops, GC Wkshps 2013"
}

@misc{ wiki:###,
author = {Wikipedia},
title = {{W}ikipedia{,} The Free Encyclopedia},
year = {2017},
url = {https://www.wikipedia.org/}
}
