
\bibitem{zheng}
L. Zheng, C. Joe-Wong, C. W. Tan, S. Ha and M. Chiangs, 
\textit{Secondary markets for mobile data: Feasibility and benefits of traded
data plans}, 2015 IEEE
Conference on Computer Communications (INFOCOM), Kowloon, 2015, pp. 1580-1588.

\bibitem{lazar}
A. A. Lazar and N. Semret, 
\textit{“Design and Analysis of the Progressive Second Price Auction for Network
Bandwidth Sharing,”} Telecommunication Systems, Special Issue on Network Economics, 2000.

\bibitem{semret} 
N. Semret, 
\textit{“Market Mechanisms for Network Resource Sharing,”
Ph.D. thesis}. 
Columbia University, 1999.

\bibitem{tuffin}
Bruno Tuffin,
\textit{Revisited Progressive Second Price Auction for Charging
Telecommunication Networks}.
[Research Report] RR-4176, INRIA, 2001.

\bibitem{qpsp}
Clare W. Qu, Peng Jia, and Peter E. Caines,
\textit{Analysis of a Class of Decentralized Decision Processes: Quantized
Progressive Second Price Auctions},
46th IEEE Conference on Decision and Control, New Orleans, LA, 2007, pp.
779-784.

\bibitem{cmhk}
\textit{China Mobile Hong Kong Company Limited}.
\url{https://www.hk.chinamobile.com/en/corporate_information/Data_N_VAS/DataTopup/index.html}.
2018

\bibitem{iia}
Andreu Mas-Colell, Michael Dennis Whinston, and Jerry R. Green, 
\textit{Microeconomic Theory}. Oxford University Press. 1995. p. 794.

\bibitem{matt}
Matthias Roggendorf and Fernando Beltr{\'a}n,
\textit{Simulation Model for the Dynamic Allocation of Network Resources in a
Competitive Wireless Scenario}. Mobility Aware Technologies and Applications, Springer Berlin Heidelberg. 2005.
pp. 54 - 64.

\bibitem{diffserve}
N. Semret, R. R. F. Liao, A. T. Campbell and A. A. Lazar, 
\textit{Pricing, provisioning and peering: dynamic markets for differentiated Internet services and
implications for network interconnections}, in IEEE Journal on Selected Areas in
Communications, vol. 18, no. 12, pp. 2499-2513, Dec. 2000.

\bibitem{maille}
Patrick Maillé.
\textit{Market Clearing Price and Equilibria of the Progressive Second Price
Mechanism},
RAIRO - Operations Research, EDP Sciences, 2007, 41 (4), pp.465-478.

\bibitem{att}
\textit{AT\&T Mobile Share Flex Plans}
\url{https://www.att.com/plans/wireless/mobile-share-flex.html}
2018

\bibitem{cabill}
\textit{Communications: broadband Internet access service}, S.B. 822. Reg. Sess.
2017-2018. (2018).

\bibitem{fedbill}
\textit{No Rate Regulation of Broadband Internet Access Act}, H.R. 2666, 114th
Cong. (2016).

\bibitem{shapley}
Dov Monderer and Loyd Shapley, 
\textit{Potential Games}, Games and Economic Behavior. 14: 124–143. (1996).

\bibitem{felix}
Felix Brandt and Tuomas Sandholm,
\textit{On the Existence of Unconditionally Privacy-Preserving Auction
Protocols}, ACM Trans. Inf. Sys. Secur. 11, 2, Article 10 (May 2008).


